<record><leader>00000cas a22000007a 4500</leader><controlfield tag="001">12443192</controlfield><controlfield tag="008">850830c19749999pauwr ne      0    0eng d</controlfield><datafield ind1=" " ind2=" " tag="010"><subfield code="a">sn 86083450 </subfield></datafield><datafield ind1=" " ind2=" " tag="040"><subfield code="a">NPH</subfield><subfield code="b">eng</subfield><subfield code="c">NPH</subfield><subfield code="d">OCLCQ</subfield></datafield><datafield ind1=" " ind2=" " tag="042"><subfield code="a">msc</subfield></datafield><datafield ind1="0" ind2="0" tag="245"><subfield code="a">Bedford County inquirer.</subfield></datafield><datafield ind1="3" ind2="0" tag="246"><subfield code="a">Bedford inquirer</subfield></datafield><datafield ind1="1" ind2="3" tag="246"><subfield code="a">Bedford County inquirer combined with the Everett Republican</subfield></datafield><datafield ind1=" " ind2=" " tag="260"><subfield code="a">Bedford, Pa. :</subfield><subfield code="b">Inquirer Pub. Co.,</subfield><subfield code="c">1974-</subfield></datafield><datafield ind1=" " ind2=" " tag="300"><subfield code="a">v. :</subfield><subfield code="b">ill. ;</subfield><subfield code="c">69 cm.</subfield></datafield><datafield ind1=" " ind2=" " tag="310"><subfield code="a">Weekly</subfield></datafield><datafield ind1="0" ind2=" " tag="362"><subfield code="a">162nd yr., no. 3 (July 12, 1974)-</subfield></datafield><datafield ind1=" " ind2=" " tag="500"><subfield code="a">"County" appears above masthead logo.</subfield></datafield><datafield ind1=" " ind2=" " tag="500"><subfield code="a">Editor: Sarah L. Frear, &lt;1974-&gt;.</subfield></datafield><datafield ind1=" " ind2=" " tag="752"><subfield code="a">United States</subfield><subfield code="b">Pennsylvania</subfield><subfield code="c">Bedford</subfield><subfield code="d">Bedford.</subfield></datafield><datafield ind1="0" ind2="0" tag="780"><subfield code="t">Bedford inquirer (Bedford, Pa. : 1959)</subfield><subfield code="w">(DLC)sn 86083445</subfield></datafield><datafield ind1="1" ind2=" " tag="029"><subfield code="a">AU@</subfield><subfield code="b">000025821767</subfield></datafield></record>